<?xml version="1.0" encoding="UTF-8"?><record xmlns="http://www.loc.gov/MARC21/slim" xmlns:cinclude="http://apache.org/cocoon/include/1.0" xmlns:zs="http://www.loc.gov/zing/srw/">
  <leader>00349cz  a2200133n  4500</leader>
  <controlfield tag="001">n 2012020100</controlfield>
  <controlfield tag="003">DLC</controlfield>
  <controlfield tag="005">20120327074907.0</controlfield>
  <controlfield tag="008">120326n| acannaabn          |a aaa      </controlfield>
  <datafield tag="010" ind1=" " ind2=" ">
    <subfield code="a">n 2012020100</subfield>
  </datafield>
  <datafield tag="040" ind1=" " ind2=" ">
    <subfield code="a">DLC</subfield>
    <subfield code="b">eng</subfield>
    <subfield code="c">DLC</subfield>
  </datafield>
  <datafield tag="100" ind1="1" ind2=" ">
    <subfield code="a">Silva, Teresa Borges da</subfield>
  </datafield>
  <datafield tag="400" ind1="1" ind2=" ">
    <subfield code="a">Da Silva, Teresa Borges</subfield>
  </datafield>
  <datafield tag="670" ind1=" " ind2=" ">
    <subfield code="a">Macau, c1993:</subfield>
    <subfield code="b">t.p. (Teresa Borges da Silva)</subfield>
  </datafield>
</record>